<record><leader>00000cas a2200000 a 4500</leader><controlfield tag="001">22645649</controlfield><controlfield tag="008">901107d188618uuiludn ne      0   a0eng c</controlfield><datafield ind1=" " ind2=" " tag="010"><subfield code="a">sn 90054827 </subfield></datafield><datafield ind1=" " ind2=" " tag="040"><subfield code="a">NVF</subfield><subfield code="b">eng</subfield><subfield code="c">NVF</subfield><subfield code="d">OCLCQ</subfield><subfield code="d">NVF</subfield><subfield code="d">OCLCQ</subfield><subfield code="d">NVF</subfield><subfield code="d">DLC</subfield><subfield code="d">OCLCF</subfield><subfield code="d">OCLCO</subfield></datafield><datafield ind1="1" ind2=" " tag="029"><subfield code="a">AU@</subfield><subfield code="b">000025865517</subfield></datafield><datafield ind1=" " ind2=" " tag="042"><subfield code="a">pcc</subfield></datafield><datafield ind1=" " ind2=" " tag="043"><subfield code="a">n-us-il</subfield></datafield><datafield ind1="0" ind2=" " tag="130"><subfield code="a">Daily palladium (Pana, Ill. : 1888)</subfield></datafield><datafield ind1="1" ind2="4" tag="245"><subfield code="a">The daily palladium.</subfield></datafield><datafield ind1=" " ind2=" " tag="260"><subfield code="a">Pana, Ill. :</subfield><subfield code="b">Jacob Swallow</subfield></datafield><datafield ind1=" " ind2=" " tag="300"><subfield code="a">v.</subfield></datafield><datafield ind1=" " ind2=" " tag="310"><subfield code="a">Daily (except Sunday)</subfield></datafield><datafield ind1="1" ind2=" " tag="362"><subfield code="a">Began with 1886?</subfield></datafield><datafield ind1=" " ind2=" " tag="580"><subfield code="a">Weekly ed.: Pana palladium (Pana, Ill. : 1873), &lt;1888&gt;.</subfield></datafield><datafield ind1=" " ind2=" " tag="588"><subfield code="a">Description based on: Vol. 2, no. 282 (Jan. 7, 1888).</subfield></datafield><datafield ind1=" " ind2=" " tag="588"><subfield code="a">Latest issue consulted: Vol. 3, no. 98 (June 7, 1888).</subfield></datafield><datafield ind1=" " ind2="0" tag="651"><subfield code="a">Pana (Ill.)</subfield><subfield code="v">Newspapers.</subfield></datafield><datafield ind1=" " ind2="7" tag="655"><subfield code="a">Newspapers.</subfield><subfield code="2">fast</subfield><subfield code="0">(OCoLC)fst01423814</subfield></datafield><datafield ind1=" " ind2="7" tag="651"><subfield code="a">Illinois</subfield><subfield code="z">Pana.</subfield><subfield code="2">fast</subfield><subfield code="0">(OCoLC)fst01217942</subfield></datafield><datafield ind1=" " ind2=" " tag="752"><subfield code="a">United States</subfield><subfield code="b">Illinois</subfield><subfield code="c">Christian</subfield><subfield code="d">Pana.</subfield></datafield><datafield ind1="1" ind2=" " tag="775"><subfield code="t">Pana palladium (Pana, Ill. : 1873)</subfield><subfield code="w">(DLC)sn 84038601</subfield><subfield code="w">(OCoLC)11357635</subfield></datafield><datafield ind1="0" ind2="0" tag="785"><subfield code="t">Pana daily palladium (Pana, Ill. : 1890)</subfield><subfield code="w">(DLC)sn 90054828</subfield><subfield code="w">(OCoLC)22645720</subfield></datafield></record>